%% This BibTeX bibliography file was created using BibDesk.
%% http://bibdesk.sourceforge.net/

%% Created for Catherine Chamberlain at 2019-11-18 15:30:44 -0500 


%% Saved with string encoding Unicode (UTF-8) 



@article{brms,
	Author = {B{\"u}rkner, Paul-Christian},
	Date-Added = {2019-11-18 20:30:30 +0000},
	Date-Modified = {2019-11-18 20:30:30 +0000},
	Journal = {{Journal of Statistical Software}},
	Number = {1},
	Pages = {1-28},
	Title = {{{brms}: An {R} Package for {Bayesia} Multilevel Models}},
	Volume = {80},
	Year = {2017}}

@article{R,
	Author = {{R Development Core Team}},
	Date-Added = {2019-11-18 20:30:23 +0000},
	Date-Modified = {2019-11-18 20:30:23 +0000},
	Journal = {R Foundation for Statistical Computing, Vienna, Austria},
	Title = {R: A Language and Environment for Statistical Computing.},
	Year = {2017}}

@book{BDA,
	Address = {New York},
	Author = {Gelman, A. and Carlin, J. B. and Stern, H. S. and Dunson, D. B. and Vehtari, A. and Rubin, D. B.},
	Date-Added = {2019-11-18 20:30:15 +0000},
	Date-Modified = {2019-11-18 20:30:15 +0000},
	Edition = {3rd},
	Publisher = {CRC Press},
	Title = {Bayesian Data Analysis},
	Type = {Book},
	Year = {2014}}
